@misc{Oraclejmap,
  howpublished = "\url{http://download.oracle.com/javase/1,5.0/docs/tooldocs/share/jmap.html}",
}

@misc{MAT,
  howpublished = "\url{http://eclipse.org/mat/}",
}

@misc{VisualVM,
  howpublished = "\url{http://http://visualvm.java.net/}",
}

@misc{BTrace,
  howpublished = "\url{http://http://kenai.com/projects/btrace}",
}


@misc{EurekaJ,
  howpublished = "\url{http://eurekaj.haagen.name/}",
}

@misc{JProfiler,
  howpublished = "\url{http://www.ej-technologies.com/products/jprofiler/overview.html}",
}
