@article{SPEC_Anal,
  author = {Aashish Phansalkar and Ajay Joshi and Lizy K. John},
  title = {Analysis of Redundancy and Application Balance in the SPEC CPU2006 Benchmark Suite},
  journal = {ISCA},
  year = 2007
}

@misc{SPEC_Results,
  author = {Standard Performance Evaluation Corporation},
  title = {SPEC CPU2006 Results},
  month = dec,
  year = 2012,
  url = {http://www.spec.org/cpu2006/results/}
}
